@article{preston2015improving,
  title={Improving search efficiency for systematic reviews of diagnostic test accuracy: an exploratory study to assess the viability of limiting to MEDLINE, EMBASE and reference checking},
  author={Preston, Louise and Carroll, Christopher and Gardois, Paolo and Paisley, Suzy and Kaltenthaler, Eva},
  journal={Systematic Reviews},
  volume={4},
  number={1},
  pages={82},
  year={2015},
  publisher={BioMed Central}
}

@article{mann2012should,
  title={Should methodological filters for diagnostic test accuracy studies be used in systematic reviews of psychometric instruments? A case study involving screening for postnatal depression},
  author={Mann, Rachel and Gilbody, Simon M},
  journal={Systematic Reviews},
  volume={1},
  number={1},
  pages={9},
  year={2012},
  publisher={BioMed Central}
}

@article{myles2007using,
    author = {Myles, P. S. and Cui, J.},
    title = "{I. Using the Bland–Altman method to measure agreement with repeated measures}",
    journal = {BJA: British Journal of Anaesthesia},
    volume = {99},
    number = {3},
    pages = {309-311},
    year = {2007},
    month = {09},
    issn = {0007-0912},
    doi = {10.1093/bja/aem214},
    url = {https://doi.org/10.1093/bja/aem214},
    eprint = {http://oup.prod.sis.lan/bja/article-pdf/99/3/309/1018709/aem214.pdf},
}

@article{whiting2011quadas,
  title={QUADAS-2: a revised tool for the quality assessment of diagnostic accuracy studies},
  author={Whiting, Penny F and Rutjes, Anne WS and Westwood, Marie E and Mallett, Susan and Deeks, Jonathan J and Reitsma, Johannes B and Leeflang, Mariska MG and Sterne, Jonathan AC and Bossuyt, Patrick MM},
  journal={Annals of Internal Medicine},
  volume={155},
  number={8},
  pages={529--536},
  year={2011},
  publisher={Am Coll Physicians}
}

@book{glasziou2001systematic,
  title={Systematic reviews in health care: a practical guide},
  author={Glasziou, Paul and Irwig, Les and Bain, Chris and Colditz, Graham},
  year={2001},
  publisher={Cambridge University Press}
}

@article{begg2005systematic,
  title={Systematic reviews of diagnostic accuracy studies require study by study examination: first for heterogeneity, and then for sources of heterogeneity},
  author={Begg, Colin B},
  journal={Journal of Clinical Epidemiology},
  volume={58},
  number={9},
  pages={865},
  year={2005},
  publisher={Elsevier Limited}
}

@article{niven2015accuracy,
  title={Accuracy of peripheral thermometers for estimating temperature: a systematic review and meta-analysis},
  author={Niven, Daniel J and Gaudet, Jonathan E and Laupland, Kevin B and Mrklas, Kelly J and Roberts, Derek J and Stelfox, Henry Thomas},
  journal={Annals of Internal Medicine},
  volume={163},
  number={10},
  pages={768--777},
  year={2015},
  publisher={American College of Physicians}
}

@article{deeks2005performance,
  title={The performance of tests of publication bias and other sample size effects in systematic reviews of diagnostic test accuracy was assessed},
  author={Deeks, Jonathan J and Macaskill, Petra and Irwig, Les},
  journal={Journal of Clinical Epidemiology},
  volume={58},
  number={9},
  pages={882--893},
  year={2005},
  publisher={Elsevier}
}

@article{schunemann2008grading,
  title={Grading quality of evidence and strength of recommendations for diagnostic tests and strategies},
  author={Sch{\"u}nemann, Holger J and Oxman, Andrew D and Brozek, Jan and Glasziou, Paul and Jaeschke, Roman and Vist, Gunn E and Williams, John W and Kunz, Regina and Craig, Jonathan and Montori, Victor M and others},
  journal={BMJ},
  volume={336},
  number={7653},
  pages={1106--1110},
  year={2008},
  publisher={British Medical Journal Publishing Group}
}

@article{tipton2017framework,
  title={A framework for the meta-analysis of Bland--Altman studies based on a limits of agreement approach},
  author={Tipton, Elizabeth and Shuster, Jonathan},
  journal={Statistics in Medicine},
  volume={36},
  number={23},
  pages={3621--3635},
  year={2017},
  publisher={Wiley Online Library}
}

@article{tanner2016handling,
  title={Handling complex meta-analytic data structures using robust variance estimates: A tutorial in R},
  author={Tanner-Smith, Emily E and Tipton, Elizabeth and Polanin, Joshua R},
  journal={Journal of Developmental and Life-Course Criminology},
  volume={2},
  number={1},
  pages={85--112},
  year={2016},
  publisher={Springer}
}

@article{hedges2010robust,
  title={Robust variance estimation in meta-regression with dependent effect size estimates},
  author={Hedges, Larry V and Tipton, Elizabeth and Johnson, Matthew C},
  journal={Research Synthesis Methods},
  volume={1},
  number={1},
  pages={39--65},
  year={2010},
  publisher={Wiley Online Library}
}

@article{tipton2015small,
  title={Small sample adjustments for robust variance estimation with meta-regression.},
  author={Tipton, Elizabeth},
  journal={Psychological Methods},
  volume={20},
  number={3},
  pages={375},
  year={2015},
  publisher={American Psychological Association}
}

@article{team2017r,
  title={R Core Team (2017). R: A language and environment for statistical computing},
  author={R Core Team},
  journal={R Found. Stat. Comput. Vienna, Austria. URL http://www. R-project. org/., page R Foundation for Statistical Computing},
  year={2017}
}

@article{frank1997perioperative,
  title={Perioperative maintenance of normothermia reduces the incidence of morbid cardiac events: a randomized clinical trial},
  author={Frank, Steven M and Fleisher, Lee A and Breslow, Michael J and Higgins, Michael S and Olson, Krista F and Kelly, Susan and Beattie, Charles},
  journal={JAMA},
  volume={277},
  number={14},
  pages={1127--1134},
  year={1997},
  publisher={American Medical Association}
  }
  
  @article{kurz1996perioperative,
  title={Perioperative normothermia to reduce the incidence of surgical-wound infection and shorten hospitalization},
  author={Kurz, Andrea and Sessler, Daniel I and Lenhardt, Rainer},
  journal={New England Journal of Medicine},
  volume={334},
  number={19},
  pages={1209--1216},
  year={1996},
  publisher={Mass Medical Soc}
}
@article{rohrer1992effect,
  title={Effect of hypothermia on the coagulation cascade.},
  author={Rohrer, Michael J and Natale, ANITA M},
  journal={Critical Care Medicine},
  volume={20},
  number={10},
  pages={1402--1405},
  year={1992}
}
@article{michelson1994reversible,
  title={Reversible inhibition of human platelet activation by hypothermia in vivo and in vitro},
  author={Michelson, Alan D and MacGregor, Hollace and Barnard, Marc R and Kestin, Anita S and Rohrer, Michael J and Valeri, C Robert},
  journal={Thrombosis and Haemostasis},
  volume={72},
  number={05},
  pages={633--640},
  year={1994},
  publisher={Schattauer GmbH}
}
@article{schmied1996mild,
  title={Mild hypothermia increases blood loss and transfusion requirements during total hip arthroplasty},
  author={Schmied, Harald and Reiter, A and Kurz, A and Sessler, DI and Kozek, S},
  journal={The Lancet},
  volume={347},
  number={8997},
  pages={289--292},
  year={1996},
  publisher={Elsevier}
}

@article{hadian2006evidence,
  title={Evidence-based review of the use of the pulmonary artery catheter: impact data and complications},
  author={Hadian, Mehrnaz and Pinsky, Michael R},
  journal={Critical Care},
  volume={10},
  number={3},
  pages={S8},
  year={2006},
  publisher={BioMed Central}
}

@article{dersimonian1986meta,
  title={Meta-analysis in clinical trials},
  author={DerSimonian, Rebecca and Laird, Nan},
  journal={Controlled Clinical Trials},
  volume={7},
  number={3},
  pages={177--188},
  year={1986},
  publisher={Elsevier}
}

@article{eshraghi2014,
  title={An evaluation of a zero-heat-flux cutaneous thermometer in cardiac surgical patients},
  author={Eshraghi, Yashar and Nasr, Vivian and Parra-Sanchez, Ivan and Van Duren, Albert and Botham, Mark and Santoscoy, Thomas and Sessler, Daniel I},
  journal={Anesthesia \& Analgesia},
  volume={119},
  number={3},
  pages={543--549},
  year={2014},
  publisher={LWW}
}

@article{evron2017evaluation,
  title={Evaluation of the Temple Touch Pro, a novel noninvasive core-temperature monitoring system},
  author={Evron, Shmuel and Weissman, Avi and Toivis, Vadim and Shahaf, Dana Baron and You, Jing and Sessler, Daniel I and Ezri, Tiberiu},
  journal={Anesthesia \& Analgesia},
  volume={125},
  number={1},
  pages={103--109},
  year={2017},
  publisher={Wolters Kluwer}
}

@article{sastre2019evaluation,
  title={Evaluation of the novel non-invasive zero-heat-flux Tcore™ thermometer in cardiac surgical patients},
  author={Sastre, J A and Pascual, M J and Lopez, Teresa},
  journal={Journal of Clinical Monitoring and Computing},
  volume={33},
  number={1},
  pages={165--172},
  year={2019},
  publisher={Springer}
}